
% koci`s library of articles, books and stuff

@ARTICLE{swift:1,
	author = {J. {Brunschweiger}, J. {Greiner}, M. {Ajello}, J. {Osborne}},
	title = {{Intermediate polars in the Swift/BAT survey: spectra and white dwarf masses}},
	journal = {A\&A},
	year = 2009,
	volume = 496,
	pages = {121--127},
	note = {},
}

@ARTICLE{mirabel:1,
	author = {I. F. {Mirabel}},
	title = {{Microquasars as sources of high energy phenomena}},
	journal = {ASP Conference Series},
	year = 2002,
}

@BOOK{hitch:1,
	author = {D. {Adams}},
	editor = {},
	title = {{The Hitchhiker's Guide to the Galaxy}},
	publisher = {Great publishing house of Ursa Minor Beta},
	year = 1979,
}



